@article{kowalski,
  author = {Kowalski, Robert},
  title = {Algorithm = Logic + Control},
  journal = {Commun. ACM},
  volume = {22},
  number = {7},
  month = {jul},
  year = {1979},
  pages = {424--436},
  doi = {10.1145/359131.359136},
  publisher = {ACM},
  address = {New York, NY, USA},
} 

@book{fo_overview, 
  author={Enderton, Herbert B.}, 
  place={San Diego}, 
  edition={2nd ed}, 
  title={A mathematical introduction to logic}, 
  publisher={Harcourt/Academic Press}, 
  year={2001}}

@inproceedings{whatisasp,
  title={What Is Answer Set Programming?.},
  author={Lifschitz, Vladimir},
  booktitle={AAAI},
  volume={8},
  pages={1594--1597},
  year={2008}
}

@Inbook{UNA,
  author={Reiter, Raymond},
  editor={Brodie, Michael L.
    and Mylopoulos, John
    and Schmidt, Joachim W.},
  title={Towards a Logical Reconstruction of Relational Database Theory},
  bookTitle={On Conceptual Modelling: Perspectives from Artificial Intelligence, Databases, and Programming Languages},
  year={1984},
  publisher={Springer New York},
  address={New York, NY},
  pages={191--238},
}

@article{DCA,
  author    = {Raymond Reiter},
  title     = {Equality and Domain Closure in First-Order Databases},
  journal   = {J. {ACM}},
  volume    = {27},
  number    = {2},
  pages     = {235--249},
  year      = {1980}
}

@article{dbp,
  author = {Miettinen, P. and Mielik{\"a}inen, T. and Gionis, A. and Das, G. and Mannila, H.},
  issn = {1041-4347},
  journal = {IEEE Transactions on Knowledge and Data Engineering},
  keywords = {approximate-frequents error-tolerant-frequents frequent-patterns top-k},
  month = {October},
  number = {10},
  pages = {1348-1362},
  title = {The Discrete Basis Problem},
  volume = {20},
  year = {2008}
}


@article{tensor,
  author    = {Ben London and
    Theodoros Rekatsinas and
      Bert Huang and
      Lise Getoor},
  title     = {Multi-relational Learning Using Weighted Tensor Decomposition
    with Modular Loss},
  journal   = {CoRR},
  volume    = {abs/1303.1733},
  year      = {2013},
  ee        = {http://arxiv.org/abs/1303.1733},
}

@inproceedings{DBLP:conf/lpnmr/Jarvisalo11,
  author    = {Matti J{\"a}rvisalo},
  title     = {Itemset Mining as a Challenge Application for Answer Set
    Enumeration},
  booktitle = {Logic Programming and Non-Monotonic Reasoning},
  year      = {2011},
  pages     = {304-310},
}
@article{grammar,
  author = {R. B. Grosse and R. Salakhutdinov and W. T. Freeman and J. B. Tenenbaum},
  journal = {Proceedings of the 28th Conference on Uncertainty in AI (UAI)},
  title = {Exploiting compositionality to explore a large space of model structures},
  year = {2012},
}

@inproceedings{DBLP:conf/aaai/Lifschitz08,
  author    = {Vladimir Lifschitz},
  title     = {What Is Answer Set Programming?},
  booktitle = {Association for the Advancement of Artificial Intelligence},
  year      = {2008},
  pages     = {1594-1597}
}

@inproceedings{eiter,
  author      = {Eiter, Thomas and Ianni, Giovambattista and Krennwallner, Thomas},
  booktitle   = {5th International Reasoning Web Summer School (RW 2009), Brixen/Bressanone, Italy, August 30 -- September 4, 2009},
  year        = {2009},
  keywords    = {Answer Set Programming},
  publisher   = {Springer},
  series      = {LNCS},
  title       = {Answer Set Programming: A Primer},
  volume      = {5689}
}
@inproceedings{codeArticle,
  author    = {Arno Siebes and
    Jilles Vreeken and
      Matthijs van Leeuwen},
  title     = {Item Sets that Compress},
  booktitle = {SIAM International Conference on Data Mining},
  year      = {2006},
  crossref  = {DBLP:conf/sdm/2006},
  bibsource = {DBLP}
}

@INPROCEEDINGS{tiling,
  author = {Floris Geerts and Bart Goethals and Taneli Mielik{\"a}inen},
  title = {Tiling Databases},
  booktitle = {Discovery Science},
  year = {2004},
  pages = {278--289},
  publisher = {Springer}
}

@misc{ucidatasets,
  author = "K. Bache and M. Lichman",
  year = "2013",
  title = "{UCI} Machine Learning Repository",
  url = "http://archive.ics.uci.edu/ml",
  institution = "University of California, Irvine, School of Information and Computer Sciences" 
}


@article{animalDataset,
  author = {Osherson, D.N. and Stern, J. and Wilkie, O. and Stob, M. and Smith, E.E.},
  journal = {Cognitive Science},
  number = {2},
  pages = {251--269},
  publisher = {Lawrence Earlbaum},
  title = {Default probability},
  volume = {15},
  year = {1991}
}

@inproceedings{DBLP:conf/pkdd/KnobbeH06,
  author    = {Arno J. Knobbe and
    Eric K. Y. Ho},
  title     = {Pattern Teams},
  booktitle = {Principles and Practice of Knowledge Discovery in Databases},
  year      = {2006},
  pages     = {577-584},
  crossref  = {DBLP:conf/pkdd/2006},
  bibsource = {DBLP} 
}

@proceedings{DBLP:conf/pkdd/2006,
  editor    = {Johannes F{\"u}rnkranz and
    Tobias Scheffer and
      Myra Spiliopoulou},
  title     = {Knowledge Discovery in Databases: PKDD 2006, 10th European Conference on Principles and Practice of Knowledge Discovery
    in Databases, Berlin, Germany, September 18-22, 2006, Proceedings},
  booktitle = {PKDD},
  publisher = {Springer},
  series    = {Lecture Notes in Computer Science},
  volume    = {4213},
  year      = {2006},
  isbn      = {3-540-45374-1},
  bibsource = {DBLP} 
}

@article{GunsAIJ12,
  author    = {Tias Guns and
    Siegfried Nijssen and
      Luc {De Raedt}},
  title     = {Itemset mining: A constraint programming perspective},
  journal   = {Artif. Intell.},
  volume    = {175},
  number    = {12-13},
  year      = {2011},
  pages     = {1951-1983},
}


@inproceedings{conf/icdm/Miettinen12,
  added-at = {2013-01-22T00:00:00.000+0100},
  author = {Miettinen, Pauli},
  booktitle = {Proceedings of International Conference on Data Mining},
  crossref = {conf/icdm/2012},
  editor = {Zaki, Mohammed Javeed and Siebes, Arno and Yu, Jeffrey Xu and Goethals, Bart and Webb, Geoffrey I. and Wu, Xindong},
  isbn = {978-1-4673-4649-8},
  keywords = {dblp},
  pages = {519-528},
  publisher = {IEEE Computer Society},
  timestamp = {2013-01-22T00:00:00.000+0100},
  title = {Dynamic Boolean Matrix Factorizations.},
  year = {2012}
}
@article{gebser2011potassco,
  title={Potassco: The Potsdam answer set solving collection},
  author={Gebser, Martin and Kaufmann, Benjamin and Kaminski, Roland and Ostrowski, Max and Schaub, Torsten and Schneider, Marius},
  journal={AI Communications},
  volume={24},
  number={2},
  pages={107--124},
  year={2011},
  publisher={IOS Press}
}


@article{nowicki2001estimation,
  title={Estimation and prediction for stochastic blockstructures},
  author={Nowicki, Krzysztof and Snijders, Tom A B},
  journal={Journal of the American Statistical Association},
  volume={96},
  number={455},
  pages={1077--1087},
  year={2001},
  publisher={American Statistical Association}
}



@inproceedings{singh2008relational,
  title={Relational learning via collective matrix factorization},
  author={Singh, Ajit P and Gordon, Geoffrey J},
  booktitle={Proceedings of the 14th ACM SIGKDD international conference on Knowledge discovery and data mining},
  pages={650--658},
  year={2008},
  organization={ACM}
}

@inproceedings{wickermulti, 
  title={Multi-Relational Learning by Boolean Matrix Factorization and Multi-Label Classification}, 
  author={Wicker, J{\"o}rg and Lehnerer, Sebastian and Kramer, Stefan},
  booktitle={Inductive Logic Programming},
  year = {2011}
}


@TechReport{london:arxiv13b, 
  author = {London, Ben and Rekatsinas, Theodoros and Huang, Bert and Getoor, Lise} ,
  title = {Multi-relational Learning Using Weighted Tensor Decomposition with Modular Loss}, 
        institution = {University of Maryland College Park}, 
        year = {2013}, 
}


@Book{aspbook,
  author =   {M. Gebser and R. Kaminski and B. Kaufmann and
    T. Schaub},
  title =  {Answer Set Solving in Practice},
  publisher =  {Morgan and Claypool Publishers},
  year =   {2012},
  series =   {Synthesis Lectures on Artificial Intelligence and
    Machine Learning}
}
@book{DBLP:books/cs/Ullman89,
  author    = {Jeffrey D. Ullman},
  title     = {Principles of Database  and Knowledge-Base Systems, Volume
    II},
  publisher = {Computer Science Press},
  year      = {1989},
  isbn      = {0-7167-8162-X},
  bibsource = {DBLP}
}
@book{concrete,
  author = {Graham, Ronald L. and Knuth, Donald E. and Patashnik, Oren},
  title = {Concrete Mathematics: A Foundation for Computer Science},
  year = {1994},
  isbn = {0201558025},
  edition = {2nd},
  publisher = {Addison-Wesley Longman Publishing Co., Inc.},
  address = {Boston, MA, USA},
} 

@book{alicebook,
  author    = {Serge Abiteboul and
    Richard Hull and
      Victor Vianu},
  title     = {Foundations of Databases},
  publisher = {Addison-Wesley},
  year      = {1995},
  isbn      = {0-201-53771-0},
  ee        = {http://www-cse.ucsd.edu/users/vianu/book.html},
  bibsource = {DBLP, http://dblp.uni-trier.de}
}

@inproceedings{denecker,
  author = {Blockeel, Hendrik and Bogaerts, Bart and Bruynooghe, Maurice and De Cat, Broes and De Pooter, Stef and Denecker, Marc and Labarre, Anthony and Ramon, Jan and Verwer, Sicco},
  title = {Modeling {M}achine {L}earning and {D}ata {M}ining {P}roblems with {FO}$(\cdot)$},
  booktitle = {International Conference on Logic Programming -- Technical Communications},
  pages = {14 --25},
  year = {2012},
}

@inproceedings{conf/aaai/KempTGYU06,
  author = {Kemp, Charles and Tenenbaum, Joshua B. and Griffiths, Thomas L. and Yamada, Takeshi and Ueda, Naonori},
  pages = {381-388},
  publisher = {AAAI Press},
  booktitle = {Proceedings of the 21th National Conference on Artificial Intelligence},
  title = {Learning Systems of Concepts with an Infinite Relational Model},
  year = {2006}
}

@article{blockmodelSnijders,
  author = {Snijders, Tom A. B. and Nowicki, Krzysztof},
  journal = {Journal of Classification},
  number = {1},
  pages = {75--100},
  publisher = {Springer New York},
  title = {Estimation and Prediction for Stochastic Blockmodels for Graphs with Latent Block Structure},
  volume = {14},
  year = {1997}
}
@article{blockmodelsWhite,
  author = {White, Harrison C. and Boorman, Scott A. and Breiger, Ronald L.},
  journal = {The American Journal of Sociology},
  number = {4},
  pages = {730--780},
  title = {Social Structure form Multiple Networks. Blockmodels of Roles
    and Positions},
  volume = {81},
  year = {1976}
}

@TECHREPORT{blockmodelKemp,
  author = {Charles Kemp and Thomas L. Griffiths and Joshua B. Tenenbaum},
  title = {Discovering latent classes in relational data},
  year = {2004}
}
@article{blockmodelFirst,
  author = {Holland, Paul W. and Laskey, Kathryn B. and Leinhardt, Samuel},
  journal = {Social Networks},
  keywords = {eapsi},
  number = {2},
  pages = {109--137},
  title = {{Stochastic blockmodels: First steps}},
  volume = {5},
  year = {1983}
}

@article{blockmodelMixed,
  author = {Airoldi, Edoardo M. and Blei, David M. and Fienberg, Stephen E. and Xing, Eric P.},
  title = {Mixed Membership Stochastic Blockmodels},
  journal = {The Journal of Machine Learning Research},
  volume = {9},
  year = {2008},
  pages = {1981--2014},
  publisher = {JMLR.org},
} 

@inproceedings{predicateinvention,
  author    = {Stanley Kok and
    Pedro Domingos},
  title     = {Statistical predicate invention},
  booktitle = {Proceedings of The 24th International Conference on Machine Learning},
  year      = {2007},
  pages     = {433-440},
  ee        = {http://doi.acm.org/10.1145/1273496.1273551},
  crossref  = {DBLP:conf/icml/2007},
  bibsource = {DBLP, http://dblp.uni-trier.de}
}

@inproceedings{structuralmotifs,
  author    = {Stanley Kok and
    Pedro Domingos},
  title     = {Using Structural Motifs for Learning Markov Logic Networks},
  booktitle = {Statistical Relational Artificial Intelligence},
  year      = {2010},
  ee        = {http://aaai.org/ocs/index.php/WS/AAAIW10/paper/view/1980},
  crossref  = {DBLP:conf/aaai/2010stat},
  bibsource = {DBLP, http://dblp.uni-trier.de}
}
@ARTICLE{blockdiagonal,
  author = {Cevdet Aykanat and Ali Pinar and {\"U}mit V. Catalyurek},
  title = {Permuting Sparse Rectangular Matrices into Block-Diagonal Form},
  journal = {SIAM Journal on Scientific Computing},
  year = {2002},
  volume = {25},
  pages = {1860--1879}
}
@inproceedings{DBLP:conf/aaai/ChangRRR08,
  author    = {Ming-Wei Chang and
    Lev-Arie Ratinov and
      Nicholas Rizzolo and
      Dan Roth},
  title     = {Learning and Inference with Constraints},
  booktitle = {Proceedings of the Twenty-Third AAAI Conference on Artificial
    Intelligence, AAAI 2008},
  year      = {2008},
  pages     = {1513-1518}
}

@inproceedings{DBLP:conf/sac/MetivierBCKL12,
  author    = {Jean-Philippe M{\'e}tivier and
    Patrice Boizumault and
      Bruno Cr{\'e}milleux and
      Mehdi Khiari and
      Samir Loudni},
  editor    = {Sascha Ossowski and
    Paola Lecca},
  title     = {A constraint language for declarative pattern discovery},
  booktitle    = {Proceedings of the ACM Symposium on Applied Computing }, 
  year      = {2012},
  pages     = {119-125}
}

@inproceedings{miningZinc,
  author = {Tias Guns and Anton Dries and Guido Tack and Siegfried Nijssen and Luc {De Raedt}},
  booktitle = {International Joint Conference on Artificial Intelligence},
  year = {2013},
  title = {MiningZinc: A Modeling Language for Constraint-based Mining},
  address = {Beijing, China}
}
@INPROCEEDINGS{Liu98integratingclassification,
  author = {Bing Liu and Wynne Hsu and Yiming Ma},
  title = {Integrating Classification and Association Rule Mining},
  booktitle = {ACM SIGKDD Conference on Knowledge Discovery and Data Mining},
  year = {1998},
  pages = {80--86}
}
@ARTICLE{leone,
  author = {Nicola Leone and Gerald Pfeifer and Wolfgang Faber and Thomas Eiter and Georg Gottlob and Simona Perri and Francesco Scarcello},
  title = {The DLV System for Knowledge Representation and Reasoning},
  journal = {ACM Transactions on Computational Logic},
  year = {2002},
  volume = {7},
  pages = {499--562}
}
@inproceedings{conf/sdm/AlqadahBAR12,
  added-at = {2012-09-07T00:00:00.000+0200},
  author = {Alqadah, Faris and Bader, Joel S. and Anand, Rajul and Reddy, Chandan K.},
  booktitle = {SDM},
  crossref = {conf/sdm/2012},
  keywords = {dblp},
  pages = {648-659},
  publisher = {SIAM / Omnipress},
  timestamp = {2012-09-07T00:00:00.000+0200},
  title = {Query-based Biclustering using Formal Concept Analysis.},
  year = 2012
}


@inproceedings{riedel13relation,
  author = {Riedel, Sebastian and Yao, Limin and Marlin, Benjamin M. and McCallum, Andrew},
  booktitle = {Joint Human Language Technology Conference/Annual Meeting of the North American Chapter of the Association for Computational Linguistics (HLT-NAACL '13)},
  title = {Relation Extraction with Matrix Factorization and Universal Schemas},
  year = 2013
}



@article{Gopalan2013Efficient,
  author = {Gopalan, Prem K. and Blei, David M.},
  journal = {Proceedings of the National Academy of Sciences},
  number = {36},
  pages = {14534--14539},
  publisher = {National Academy of Sciences},
  title = {{Efficient discovery of overlapping communities in massive networks}},
  volume = {110},
  year = {2013}
}

@article{NetflixMatrixFactorization,
  author = {Koren, Yehuda and Bell, Robert and Volinsky, Chris},
  title = {Matrix Factorization Techniques for Recommender Systems},
  journal = {Computer},
  issue_date = {August 2009},
  volume = {42},
  number = {8},
  month = aug,
  year = {2009},
  pages = {30--37},
  publisher = {IEEE Computer Society Press},
  address = {Los Alamitos, CA, USA},
}  

@incollection{miningchains,
  year={2012},
  booktitle={Data Mining: Foundations and Intelligent Paradigms},
  volume={24},
  series={Intelligent Systems Reference Library},
  editor={Holmes, Dawn E. and Jain, Lakhmi C.},
  title={Mining Chains of Relations},
  publisher={Springer Berlin Heidelberg},
  author={Aftrati, Foto and Das, Gautam and Gionis, Aristides and Mannila, Heikki and Mielik{\"a}inen, Taneli and Tsaparas, Panayiotis},
  pages={217-246}
}

@INPROCEEDINGS{matrixtileanalysis,
  author = {Inmar Givoni and Vincent Cheung and Brendan J. Frey},
  title = {Matrix tile analysis},
  booktitle = {Proceedings of the 22th Conference on Uncertainty in AI (UAI)},
  year = {2006},
}

@MASTERSTHESIS{factorizationmissingValues,
  AUTHOR = {Yadava, Prashant},
  TITLE = {Boolean matrix factorization with missing values},
  PUBLISHER = {Universitat des Saarlandes},
  SCHOOL = {Universit{\"a}t des Saarlandes},
  YEAR = {2012},
  TYPE = {Master's thesis},
  ADDRESS = {Saarbruecken},
  MONTH = {November},
}
@inproceedings{conf/dateso/SnaselPK08,
  author = {Sn{\'a}sel, V{\'a}clav and Platos, Jan and Kr{\"o}mer, Pavel},
  booktitle = {DATESO},
  crossref = {conf/dateso/2008},
  date = {2008-11-07},
  editor = {Sn{\'a}sel, V{\'a}clav and Richta, Karel and Pokorn{\'y}, Jaroslav},
  keywords = {dblp},
  publisher = {CEUR-WS.org},
  series = {CEUR Workshop Proceedings},
  title = {Developing Genetic Algorithms for Boolean Matrix Factorization},
  volume = 330,
  year = 2008
}

@inproceedings{conf/icdm/ZhangLDZ07,
  author = {Zhang, Zhongyuan and Li, Tao and Ding, Chris H. Q. and Zhang, Xiangsun},
  booktitle = {IEEE International Conference on Data Mining},
  crossref = {conf/icdm/2007},
  keywords = {dblp},
  pages = {391-400},
  publisher = {IEEE Computer Society},
  title = {Binary Matrix Factorization with Applications.},
  year = 2007
}

@INPROCEEDINGS{ebmf, 
  author={Haibing Lu and Vaidya, J. and Atluri, V. and Yuan Hong}, 
  booktitle={IEEE International Conference on Data Mining}, 
  title={Extended Boolean Matrix Decomposition}, 
  year={2009}, 
  month={Dec}, 
  pages={317-326}, 
}

@INPROCEEDINGS{optimalBMFroles, 
  author={Haibing Lu and Vaidya, J. and Atluri, V.}, 
  booktitle={IEEE 24th ICDE}, 
  title={Optimal Boolean Matrix Decomposition: Application to Role Engineering}, 
  year={2008}, 
  month={April}, 
  pages={297-306}, 
}

@inproceedings{generalClustering,
  author = {Li, Tao},
  title = {A General Model for Clustering Binary Data},
  booktitle = {ACM SIGKDD},
  year = {2005},
  pages = {188--197},
  numpages = {10},
  publisher = {ACM},
  address = {New York, NY, USA},
} 

@inproceedings{DeRaedtECML12,
  author    = {Luc {De Raedt}},
  title     = {Declarative Modeling for Machine Learning and Data Mining},
  booktitle = {The European Conference on Machine Learning and Principles and Practice of Knowledge Discovery in Databases},
  year      = {2012},
  pages     = {2-3},
}

@proceedings{DMWorkshop,
  title     = {Proceedings of the IEEE ICDM Workshop on Declarative Pattern Mining},
  editor    = {Hiroki Arimura and Raoul Medina and Jean-Marc Petit},
  year      = {2012}
}

@article{BrewkaCACM,
  title={Answer set programming at a glance},
  author={Brewka, Gerhard and Eiter, Thomas and Truszczy{\'n}ski, Miros{\l}aw},
  journal={Communications of the ACM},
  volume={54},
  number={12},
  pages={92--103},
  year={2011},
  publisher={ACM}
}
@unpublished{idppaper,
  author = {De Cat, Broes and Jansen, Joachim and Janssens, Gerda},
  title = {IDP3: Combining symbolic and ground reasoning for model generation},
  note = {Workshop on Grounding and Transformations for Theories with Variables, La Coru{\~n}a, 15 Sept 2013},
  booktitle = {2nd Workshop on Grounding and Transformations for Theories With Variables},
  pages = {17--24},
  month = {Sep},
  year = {2013},
}
@article{solvingrelationalequations,
  author = {Biskup, Joachim and Paredaens, Jan and Schwentick, Thomas and den Bussche, Jan Van},
  journal = {SIAM Journal on Computing},
  number = 5,
  pages = {1052-1066},
  title = {Solving Equations in the Relational Algebra.},
  volume = 33,
  year = 2004
}

@article{WarrenBook/DeCatBBD14,
  author  = {Broes {De Cat} and Bart Bogaerts and Maurice Bruynooghe and
    Marc Denecker},
  title = {Predicate Logic as a Modelling Language: The {IDP} System},
  journal = {CoRR},
  volume    = {abs/1401.6312},
  year      = {2014},
  ee        = {http://arxiv.org/abs/1401.6312}
}

@article{ovakLavracWebb09,
  author = {P. Novak and N. Lavrac and G.I. Webb},
  title = {Supervised Descriptive Rule Discovery: A Unifying Survey of Contrast Set, Emerging Pattern and Subgroup Mining},
  journal = {Journal of Machine Learning Research},
  year = {2009},
  volume = {10},
  pages = {377-403},
  keywords = {Association Rule Discovery, OPUS}
}

@inproceedings{dominanceprogramming,
  title = {Dominance Programming for Itemset Mining},
  booktitle = {Proceedings of IEEE International Conference on Data Mining},
  year = {2013},
  author = {Benjamin Negrevergne and Anton Dries and Guns, Tias and Siegfried Nijssen}
}
@InProceedings{gekakascsczi11a,
  author =   {M. Gebser and R. Kaminski and B. Kaufmann and T. Schaub and
    M. Schneider and S. Ziller},
  title =  {A Portfolio Solver for Answer Set Programming: Preliminary
    Report},
  crossref =   {lpnmr11},
  pages =  {352-357}
}
@Proceedings{lpnmr11,
  title =  {Proceedings of the Eleventh International Conference on
    Logic Programming and Nonmonotonic Reasoning (LPNMR'11)},
  booktitle =  {Proceedings of the Eleventh International Conference on
    Logic Programming and Nonmonotonic Reasoning (LPNMR'11)},
  year =   {2011},
  editor =   {J. Delgrande and W. Faber},
  volume =   {6645},
  series =   {Lecture Notes in Artificial Intelligence},
  publisher =  {Springer-Verlag}
}
@inproceedings{conf/aaai/GebserKROSW13,
  author = {Gebser, Martin and Kaufmann, Benjamin and Romero, Javier and Otero, Ram?n and Schaub, Torsten and Wanko, Philipp},
  booktitle = {Association for the Advancement of Artificial Intelligence},
  crossref = {conf/aaai/2013},
  editor = {desJardins, Marie and Littman, Michael L.},
  publisher = {AAAI Press},
  title = {Domain-Specific Heuristics in Answer Set Programming.},
  year = {2013}
}

@article{journals/is/FanGZ12,
  author = {Fan, Wenfei and Geerts, Floris and Zheng, Lixiao},
  journal = {Information Systems},
  number = {1},
  pages = {1-12},
  title = {View determinacy for preserving selected information in data transformations.},
  volume ={37},
  year = {2012}
}


@article{GunsNR13,
  author    = {Tias Guns and
    Siegfried Nijssen and
      Luc {De Raedt}},
  title     = {k-Pattern Set Mining under Constraints},
  journal   = {IEEE Transactions on Knowledge and Data Engineering},
  volume    = {25},
  number    = {2},
  year      = {2013},
  pages     = {402-418},
  ee        = {http://doi.ieeecomputersociety.org/10.1109/TKDE.2011.204},
  bibsource = {DBLP, http://dblp.uni-trier.de}
}

@inproceedings{DBLP:conf/nips/BroeckD13,
  author    = {Guy {Van den Broeck} and
    Adnan Darwiche},
  title     = {On the Complexity and Approximation of Binary Evidence in
    Lifted Inference},
  booktitle = {The Neural Information Processing Systems},
  year      = {2013},
  pages     = {2868-2876},
  ee        = {http://papers.nips.cc/paper/4861-on-the-complexity-and-approximation-of-binary-evidence-in-lifted-inference},
  crossref  = {DBLP:conf/nips/2013},
  bibsource = {DBLP, http://dblp.uni-trier.de}
}
@inproceedings{normal_form_relational_decomposition,
  author = {Koehler, Henning},
  title = {Domination Normal Form: Decomposing Relational Database Schemas},
  booktitle = {Proceedings of the Thirtieth Australasian Conference on Computer Science - Volume 62},
  series = {ACSC '07},
  year = {2007},
  pages = {79--85},
  publisher = {Australian Computer Society, Inc.},
  address = {Darlinghurst, Australia, Australia},
} 
@article{codd,
  author = {Codd, E. F.},
  title = {A Relational Model of Data for Large Shared Data Banks},
  journal = {Commun. ACM},
  volume = {13},
  number = {6},
  month = jun,
  year = {1970},
  pages = {377--387},
  publisher = {ACM},
  address = {New York, NY, USA},
  keywords = {composition, consistency, data bank, data base, data integrity, data organization, data structure, derivability, hierarchies of data, join, networks of data, predicate calculus, redundancy, relations, retrieval language, security},
} 

@book{date_book,
  author = {Date, C. J.},
  title = {Date on Database: Writings 2000-2006},
  year = {2006},
  publisher = {Apress},
  address = {Berkely, CA, USA},
} 
@book{elmasri_book,
  author = {Elmasri, Ramez and Navathe, Shamkant B.},
  title = {Fundamentals of Database Systems, Sixth Edition},
  year = {2010},
  publisher = {Addison-Wesley Longman Publishing Co., Inc.},
  address = {Boston, MA, USA},
} 

@article{partial_dependencies,
  author = {Berzal, F. and Cubero, J. C. and Cuenca, F. and Medina, J. M.},
  title = {Relational Decomposition Through Partial Functional Dependencies},
  journal = {Data Knowl. Eng.},
  volume = {43},
  number = {2},
  month = nov,
  year = {2002},
  pages = {207--234},
  publisher = {Elsevier Science Publishers B. V.},
  address = {Amsterdam, The Netherlands, The Netherlands},
} 

@inproceedings{itp_decomposition,
  author    = {Lennart Beringer},
  title     = {Relational Decomposition},
  booktitle = {Interactive Theorem Proving - Second International Conference, {ITP}
    2011, Berg en Dal, The Netherlands, August 22-25, 2011. Proceedings},
  pages     = {39--54},
  year      = {2011},
  crossref  = {DBLP:conf/itp/2011},
}
@inproceedings{tensor_decompositon,
  author = {Kim, Mijung and Candan, Kasim Sel\c{c}uk},
  title = {Approximate Tensor Decomposition Within a Tensor-relational Algebraic Framework},
  booktitle = {Proceedings of the 20th ACM International Conference on Information and Knowledge Management},
  series = {CIKM '11},
  year = {2011},
  pages = {1737--1742},
  publisher = {ACM},
  address = {New York, NY, USA},
} 

@inproceedings{nlp_decomposition,
  author       = {Bronselaer, Antoon and Debergh, Saskia and Van Hyfte, Dirk and De Tr{\'e}, Guy},
  booktitle    = {ICL 2010 Proceedings},
  pages        = {357--359},
  publisher    = {International Association on Online Engineering},
  title        = {Text clustering based on concept-relational decomposition},
  year         = {2010},
}

@inproceedings{security_decomposition,
  author = {Sapra, Pooja and Kumar, Suresh and Rathy, R. K.},
  title = {Performance Analysis of Decomposition Techniques in Multilevel Secure Relational Database Systems},
  booktitle = {Proceedings of the Second International Conference on Computational Science, Engineering and Information Technology},
  series = {CCSEIT '12},
  year = {2012},
  isbn = {978-1-4503-1310-0},
  pages = {544--549},
  publisher = {ACM},
  address = {New York, NY, USA},
  keywords = {classes, decomposition, multilevel relations, novel decomposition, recovery, seaview model, secure database, single-level relations},
} 

@inproceedings{heath_theorem,
  author = {Heath, I. J.},
  title = {Unacceptable File Operations in a Relational Data Base},
  booktitle = {Proceedings of the 1971 ACM SIGFIDET (Now SIGMOD) Workshop on Data Description, Access and Control},
  series = {SIGFIDET '71},
  year = {1971},
  pages = {19--33},
  publisher = {ACM},
  address = {New York, NY, USA},
} 
@inproceedings{ternary_decomposition,
  author = {Jones, Trevor H. and Song, Il-Yeol and Park, E. K.},
  title = {Ternary Relationship Decomposition and Higher Normal Form Structures Derived from Entity Relationship Conceptual Modeling},
  booktitle = {Proceedings of the 1996 ACM 24th Annual Conference on Computer Science},
  series = {CSC '96},
  year = {1996},
  pages = {96--104},
  publisher = {ACM},
  address = {New York, NY, USA},
  keywords = {conceptual modeling, entity relationship, higher normal forms, ternary relationship},
} 

@article{internal_disjunction,
  author = {Ryszard S. Michalski},
  title = {Pattern Recognition as Rule-Guided Inductive Inference},
  journal ={IEEE Transactions on Pattern Analysis and Machine Intelligence},
  volume = {2},
  number = {4},
  year = {1980},
  pages = {349-361},
  publisher = {IEEE Computer Society},
  address = {Los Alamitos, CA, USA},

}


@misc{url:idp,
  key           = {{IDP}},
  title         = {The \textsc{IDP} system},
  year          = {2013},
  howpublished  = {dtai.cs.kuleuven.be/krr/software}
}

@inproceedings{idp_model_expansion,
  author = {Wittocx, Johan and Mari{\"e}n, Maarten and Denecker, Marc},
  title = {The {IDP} system: {A} model expansion system for an extension of classical logic},
  booktitle = {Proceedings of the 2nd Workshop on Logic and Search, Logic and Search, LaSh, Leuven, 6-7 November 2008},
  editor = {Denecker, Marc},
  publisher = {ACCO},
  pages = {153--165},
  month = Nov,
  year = {2008},
}
@article{wellfounded,
  author = {Van Gelder, Allen and Ross, Kenneth A. and Schlipf, John S.},
  title = {The Well-founded Semantics for General Logic Programs},
  journal = {J. ACM},
  volume = {38},
  number = {3},
  month = jul,
  year = {1991},
  pages = {619--649},
  publisher = {ACM},
  address = {New York, NY, USA},
} 
@incollection{abduction,
  year={2002},
  booktitle={Computational Logic: Logic Programming and Beyond},
  volume={2407},
  series={Lecture Notes in Computer Science},
  editor={Kakas, AntonisC. and Sadri, Fariba},
  title={Abduction in Logic Programming},
  publisher={Springer Berlin Heidelberg},
  author={Denecker, Marc and Kakas, Antonis},
  pages={402-436},
}

@article{tias_topk,
  title={k-Pattern set mining under constraints},
  author={Guns, Tias and Nijssen, Siegfried and {De Raedt}, Luc},
  journal={Knowledge and Data Engineering, IEEE Transactions on},
  volume={25},
  number={2},
  pages={402--418},
  year={2013},
  publisher={IEEE}
}
@article{clingo_control,
  author    = {Martin Gebser and
    Roland Kaminski and
      Benjamin Kaufmann and
      Torsten Schaub},
  title     = {Clingo = {ASP} + Control: Preliminary Report},
  journal   = {CoRR},
  volume    = {abs/1405.3694},
  year      = {2014},
}
@article{complexity_fd_check,
  title = {On the complexity of inferring functional dependencies},
  journal = {Discrete Applied Mathematics},
  volume = {40},
  number = {2},
  pages = {237 - 243},
  year = {1992},
  author = {Heikki Mannila and Kari-Jouko R\"aih\"a},
}

@article{complexity_optimal,
  title = {Discovery of optimal factors in binary data via a novel method of matrix decomposition},
  journal = {Journal of Computer and System Sciences},
  volume = {76},
  number = {1},
  pages = {3 - 20},
  year = {2010},
  note = {Special Issue on Intelligent Data Analysis},
  author = {Radim Belohlavek and Vilem Vychodil},
}


@book{phd_miettinen,
  title={Matrix decomposition methods for data mining: computational complexity and algorithms},
  author={Miettinen, Pauli},
  series={Department of Computer Science, series of publications A, report A-2009-4},
  year={2009},
  publisher={University of Helsinki 2009 (Ph.D. thesis, monograph)}
}

@inproceedings{collaborative_prediction,
  author = {Rennie, Jasson D. M. and Srebro, Nathan},
  title = {Fast Maximum Margin Matrix Factorization for Collaborative Prediction},
  booktitle = {Proceedings of the 22Nd International Conference on Machine Learning},
  series = {ICML '05},
  year = {2005},
  pages = {713--719},
  publisher = {ACM},
  address = {New York, NY, USA},
} 

@INPROCEEDINGS {idp_asp_comparison,
  author = {Mari{\"{e}}n, Maarten and Wittocx, Johan and Denecker, Marc},
  title = {{T}he {IDP} framework for declarative problem solving},
  booktitle = {{S}earch and {L}ogic: {A}nswer {S}et {P}rogramming and {SAT}},
  year = {2006},
  editors = {Giunchiglia, E. and Marek, V. and Mitchell, D. and Ternovska, E.},
  pages = {19-34},
}

@article{asp_competition,
  author    = {Francesco Calimeri and
    Giovambattista Ianni and
      Thomas Krennwallner and
      Francesco Ricca},
  title     = {The Answer Set Programming Competition},
  journal   = {{AI} Magazine},
  volume    = {33},
  number    = {4},
  pages     = {114--118},
  year      = {2012},
}
@article{lier-alp,
  title={Constraint Answer Set Programming},
  author={Yuliya Lierler},
  booktitle={ALP newsletter featured article},
  year={2012}
}
@book{sat_2014,
  title = {Proceedings of {SAT} {C}ompetition 2014: 
      Solver and Benchmark Descriptions},
  editor = {Anton Belov and Daniel Diepold
      and Marijn Heule and Matti J\"arvisalo},
  series = {Department of Computer Science Series of Publications B},
  volume = {B-2014-2},
  publisher = {University of Helsinki},
  year = {2014},
  note = {ISBN 978-951-51-0043-6},
}

@book{luc_book,
  author    = {Luc {De Raedt}},
  title     = {Logical and relational learning},
  series    = {Cognitive Technologies},
  publisher = {Springer},
  year      = {2008},
}
@article{abductioninduction,
  year={2000},
  booktitle={Abductive Reasoning and Learning},
  volume={4},
  series={Handbook of Defeasible Reasoning and Uncertainty Management Systems},
  editor={Gabbay, DovM. and Kruse, Rudolf},
  publisher={Springer Netherlands},
  author={Flach, PeterA. and Kakas, AntonisC.},
  pages={1-33},
}

@inproceedings{fuzzylogicabduction,
  author    = {Peter Vojt{\'{a}}s},
  title     = {Fuzzy logic abduction},
  booktitle = {Proceedings of the {EUSFLAT-ESTYLF} Joint Conference, Palma de Mallorca,
    Spain, September 22-25, 1999},
  pages     = {319--322},
  year      = {1999},
  crossref  = {DBLP:conf/eusflat/1999},
}

@inproceedings{fuzzystudy,
  title={A study on fuzzy abductive inference},
  author={Miyata, Yujiro and Furuhashi, Takeshi and Uchikawa, Yoshiki},
  booktitle={Proceedings of 1995 IEEE International Conference on Fuzzy Systems},
  volume={1},
  pages={337--342},
  year={1995},
  organization={Citeseer}
}

@inproceedings{DeRaedtAAAI15,
  author    = {Luc {De Raedt}},
  title     = {Languages for Learning and Mining},
  booktitle = {Proceedings of the Twenty-Ninth {AAAI} Conference on Artificial Intelligence,
    January 25-30, 2015, Austin, Texas, {USA.}},
  pages     = {4107--4111},
  year      = {2015}
}
@article{meta_learning,
  author    = {Stephen H. Muggleton and
    Dianhuan Lin and
      Alireza Tamaddoni{-}Nezhad},
  title     = {Meta-interpretive learning of higher-order dyadic datalog: predicate
    invention revisited},
  journal   = {Machine Learning},
  volume    = {100},
  number    = {1},
  pages     = {49--73},
  year      = {2015},
}
@inproceedings{ilp_graph_mining,
  author = {Paramonov, Sergey and van Leeuwen, Matthijs and Denecker, Marc and {De Raedt}, Luc},
  title = {An exercise in declarative modeling for relational query mining},
  booktitle = {International Conference on Inductive Logic Programming, ILP, Kyoto, 20-22 August 2015},
  publisher = {Springer},
  month = Dec,
  year = {2015},
}
@article{ilp_theory_methods,
  author    = {Stephen Muggleton and
    Luc {De Raedt}},
  title     = {Inductive Logic Programming: Theory and Methods},
  journal   = {J. Log. Program.},
  volume    = {19/20},
  pages     = {629--679},
  year      = {1994},
}

@book{matrix_book,
  author = {Golub, Gene H. and Van Loan, Charles F.},
  title = {Matrix Computations (3rd Ed.)},
  year = {1996},
  publisher = {Johns Hopkins University Press},
  address = {Baltimore, MD, USA},
} 
@article{nnmf,
  address = {University of Helsinki, Department of Physics, Siltavuorenpenger 20 D, SF-00170 Helsinki, Finland},
  author = {Paatero, Pentti and Tapper, Unto},
  journal = {Environmetrics},
  month = {jun},
  number = {2},
  pages = {111--126},
  publisher = {John Wiley and Sons, Ltd.},
  title = {Positive matrix factorization: A non-negative factor model with optimal utilization of error estimates of data values},
  volume = {5},
  year = {1994}
}

@inproceedings{collective_factorization,
  title={Relational Learning via Collective Matrix Factorization},
  author={Singh, Ajit P and Gordon, Geoffrey J},
  booktitle={Proceedings of the 14th ACM SIGKDD international conference on Knowledge discovery and data mining},
  pages={650--658},
  year={2008},
  organization={ACM}
}
@inproceedings{max_k_set_cover1,
  title={Analysis of the Greedy Approach in Problems of Maximum K-coverage},
  author={Dorit S Hochbaum and Anu Pathria},
  year={1998},
}
@inproceedings{max_k_set_cover2,
  author = {Feige, Uriel},
  title = {A Threshold of Ln N for Approximating Set Cover},
  booktitle = {Proceedings of the Twenty-eighth Annual ACM Symposium on Theory of Computing},
  series = {STOC '96},
  year = {1996},
  pages = {314--318},
  publisher = {ACM},
  address = {New York, NY, USA},
} 
